%
%  Vzor bibliografické databáze pro automatickou tvorbu seznamu referencí
%  pomocí BibTeXu
%
%  Doporučený software pro správu databáze literatury formátu *.bib:
%    JabRef, http://jabref.sourceforge.net/
%
%  POZOR:
%
%    *  Písmena v názvech publikací, jež je třeba tisknout vždy velká, se musejí psát
%       do složených závorek ({T}hailand, {HIV})
%
%  ===========================================================================

@article{RTED,
  author = {Pawlik, Mateusz and Augsten, Nikolaus},
  title = {RTED: A Robust Algorithm for the Tree Edit Distance},
  journal = {Proc. VLDB Endow.},
  issue_date = {December 2011},
  volume = {5},
  number = {4},
  month = dec,
  year = {2011},
  issn = {2150-8097},
  pages = {334--345},
  numpages = {12},
  url = {http://dx.doi.org/10.14778/2095686.2095692},
  doi = {10.14778/2095686.2095692},
  acmid = {2095692},
  publisher = {VLDB Endowment},
}

@ARTICLE{ZHANGSHASHA,
  title = {Simple Fast Algorithms for the Editing Distance between Trees and Related Problems},
  author = {Zhang, K. and Shasha, D.},
  journal = {SIAM Journal on Computing},
  year = {1989},
  volume = {18},
  number = {6},
  pages = {1245 -- 1262}
}

@Inbook{DALUCQ,
  author="Dulucq, Serge and Touzet, H{\'e}l{\`e}ne",
  editor="Baeza-Yates, Ricardo and Ch{\'a}vez, Edgar and Crochemore, Maxime",
  chapter="Analysis of Tree Edit Distance Algorithms",
  title="Combinatorial Pattern Matching: 14th Annual Symposium, CPM 2003 Morelia, Michoac{\'a}n, Mexico, June 25--27, 2003 Proceedings",
  year="2003",
  publisher="Springer Berlin Heidelberg",
  address="Berlin, Heidelberg",
  pages="83--95",
  isbn="978-3-540-44888-4",
  doi="10.1007/3-540-44888-8_7",
  url="http://dx.doi.org/10.1007/3-540-44888-8_7"
}

@article{TAI,
  author = {Tai, Kuo-Chung},
  title = {The Tree-to-Tree Correction Problem},
  journal = {J. ACM},
  issue_date = {july 1979},
  volume = {26},
  number = {3},
  month = jul,
  year = {1979},
  issn = {0004-5411},
  pages = {422--433},
  numpages = {12},
  url = {http://doi.acm.org/10.1145/322139.322143},
  doi = {10.1145/322139.322143},
  acmid = {322143},
  publisher = {ACM},
  address = {New York, NY, USA},
}


@inproceedings{KLEIN,
  author = {Klein, Philip N.},
  title = {Computing the Edit-Distance Between Unrooted Ordered Trees},
  booktitle = {Proceedings of the 6th Annual European Symposium on Algorithms},
  series = {ESA '98},
  year = {1998},
  isbn = {3-540-64848-8},
  pages = {91--102},
  numpages = {12},
  url = {http://dl.acm.org/citation.cfm?id=647908.740125},
  acmid = {740125},
  publisher = {Springer-Verlag},
  address = {London, UK, UK},
}

@article{DMRW,
  author = {Demaine, Erik D. and Mozes, Shay and Rossman, Benjamin and Weimann, Oren},
  title = {An Optimal Decomposition Algorithm for Tree Edit Distance},
  journal = {ACM Trans. Algorithms},
  issue_date = {December 2009},
  volume = {6},
  number = {1},
  month = dec,
  year = {2009},
  issn = {1549-6325},
  pages = {2:1--2:19},
  articleno = {2},
  numpages = {19},
  url = {http://doi.acm.org/10.1145/1644015.1644017},
  doi = {10.1145/1644015.1644017},
  acmid = {1644017},
  publisher = {ACM},
  address = {New York, NY, USA},
  keywords = {Decomposition strategy, dynamic programming, edit distance, ordered trees, tree edit distance},
}

@article{RNA_DRAW,
  author = {Auber, David and Delest, Maylis and Domenger, Jean-Philippe and Dulucq, Serge},
  journal = {Journal of Graph Algorithms and Applications},
  keywords = {layout algorithm},
  language = {eng},
  number = {2},
  pages = {329-351},
  publisher = {Brown University, Providence, RI; University of Texas, Dallas},
  title = {Efficient drawing of RNA secondary structure.},
  url = {http://eudml.org/doc/55423},
  volume = {10},
  year = {2006},
}

@article{CRW,
    author = {Cannone, Jamie and Subramanian, Sankar and Schnare, Murray and Collett, James and D'Souza, Lisa and Du, Yushi and Feng, Brian and Lin, Nan and Madabusi, Lakshmi and Muller, Kirsten and Pande, Nupur and Shang, Zhidi and Yu, Nan and Gutell, Robin},
    doi = {10.1186/1471-2105-3-15},
    issn = {1471-2105},
    journal = {BMC Bioinformatics},
    keywords = {co-transcriptional\_folding, data, rna\_folding, secondary\_structure\_prediction},
    number = {1},
    pages = {15+},
    pmid = {12038969},
    posted-at = {2009-11-17 10:24:48},
    priority = {2},
    title = {The Comparative {RNA} Web ({CRW}) Site: an online database of comparative sequence and structure information for ribosomal, intron, and other {RNAs}: Correction},
    url = {http://dx.doi.org/10.1186/1471-2105-3-15},
    volume = {3},
    year = {2002}
}
























@BOOK{Andel07,
  title = {Základy matematické statistiky},
  publisher = {Matfyzpress},
  year = {2007},
  author = {Anděl, J.},
  address = {Praha},
  series = {Druhé opravené vydání},
  isbn = {80-7378-001-1}
}

@BOOK{Andel98,
  title = {Statistické metody},
  publisher = {Matfyzpress},
  year = {1998},
  author = {Anděl, J.},
  address = {Praha},
  series = {Druhé přepracované vydání},
  isbn = {80-85863-27-8}
}

@ARTICLE{Cox72,
  author = {Cox, D. R.},
  title = {Regression models and life-tables (with {D}iscussion)},
  journal = {Journal of the Royal Statistical Society, Series B},
  year = {1972},
  volume = {34},
  pages = {187--220},
  number = {2}
}

@ARTICLE{DempsterLairdRubin77,
  author = {Dempster, A. P. and Laird, N. M. and Rubin, D. B.},
  title = {Maximum likelihood from incomplete data via the {EM} algorithm},
  journal = {Journal of the Royal Statistical Society, Series B},
  year = {1977},
  volume = {39},
  pages = {1--38},
  number = {1}
}

@ARTICLE{Genberget08,
  author = {Genberg, B. L. and Kulich, M. and Kawichai, S. and Modiba, P. and
  Chingono, A. and Kilonzo, G. P. and Richter, L. and Pettifor, A.
  and Sweat, M. and Celentano, D. D.},
  title = {{HIV} risk behaviors in Sub-{S}aharan {A}frica and {N}orthern {T}hailand:
  {B}aseline behavioral data from project {A}ccept},
  journal = {Journal of Acquired Immune Deficiency Syndrome},
  year = {2008},
  volume = {49},
  pages = {309--319}
}

@ARTICLE{KaplanMeier58,
  author = {Kaplan, E. L. and Meier, P.},
  title = {Nonparametric estimation from incomplete observations},
  journal = {Journal of the American Statistical Association},
  year = {1958},
  volume = {53},
  pages = {457--481},
  number = {282}
}

@BOOK{LehmannCasella98,
  title = {Theory of Point Estimation},
  publisher = {Springer-Verlag},
  year = {1998},
  author = {Lehmann, E. L. and Casella, G.},
  address = {New York},
  series = {{S}econd {E}dition},
  isbn = {0-387-98502-6}
}

@ARTICLE{Student08,
  author = {Student},
  title = {On the probable error of the mean},
  journal = {Biometrika},
  year = {1908},
  volume = {6},
  pages = {1-25}
}
